<record xmlns='http://www.loc.gov/MARC21/slim'><leader>01352cim a22003612u 4500</leader><controlfield tag='001'>3600899</controlfield><controlfield tag='005'>20151214182732.0</controlfield><controlfield tag='007'>ss|lmnjluz|nuu</controlfield><controlfield tag='008'>991101s1985    nyunnn         l    eng d</controlfield><datafield ind1=' ' ind2=' ' tag='035'><subfield code='a'>(NIC)notisASF7964</subfield></datafield><datafield ind1=' ' ind2=' ' tag='035'><subfield code='a'>3600899</subfield></datafield><datafield ind1=' ' ind2=' ' tag='035'><subfield code='a'>(OCoLC)63896781</subfield></datafield><datafield ind1=' ' ind2=' ' tag='040'><subfield code='a'>NIC</subfield><subfield code='c'>NIC</subfield><subfield code='d'>NIC</subfield><subfield code='d'>NIC</subfield></datafield><datafield ind1='1' ind2=' ' tag='100'><subfield code='a'>Wilson, Kenneth G.</subfield><subfield code='q'>(Kenneth Geddes),</subfield><subfield code='d'>1936-2013.</subfield></datafield><datafield ind1='1' ind2='0' tag='245'><subfield code='a'>Uncovering the supercomputer</subfield><subfield code='h'>[sound recording]</subfield></datafield><datafield ind1=' ' ind2=' ' tag='260'><subfield code='c'>1985.</subfield></datafield><datafield ind1=' ' ind2=' ' tag='300'><subfield code='a'>1 sound cassette (69 min.) :</subfield><subfield code='b'>analog, mono.</subfield></datafield><datafield ind1=' ' ind2=' ' tag='500'><subfield code='a'>Recorded in Ithaca, NY by Cornell University.</subfield></datafield><datafield ind1=' ' ind2=' ' tag='500'><subfield code='a'>Accompanied by: Notes.</subfield></datafield><datafield ind1=' ' ind2=' ' tag='500'><subfield code='a'>Sponsored by: University Unions Programming Board.</subfield></datafield><datafield ind1=' ' ind2=' ' tag='518'><subfield code='a'>Lecture, April 15, 1985.</subfield></datafield><datafield ind1=' ' ind2=' ' tag='520'><subfield code='a'>Wilson discusses the capabilities and effects of the supercomputer presently being installed at Cornell.</subfield></datafield><datafield ind1='2' ind2='0' tag='610'><subfield code='a'>Cornell University</subfield><subfield code='x'>Computers.</subfield></datafield><datafield ind1=' ' ind2='0' tag='650'><subfield code='a'>Computers.</subfield></datafield><datafield ind1=' ' ind2='0' tag='650'><subfield code='a'>Supercomputers.</subfield></datafield><datafield ind1=' ' ind2='0' tag='650'><subfield code='a'>Parallel processing (Electronic computers).</subfield></datafield><datafield ind1='2' ind2='7' tag='610'><subfield code='a'>Cornell University</subfield><subfield code='2'>fast</subfield><subfield code='0'>(OCoLC)fst00530369</subfield></datafield><datafield ind1=' ' ind2='7' tag='650'><subfield code='a'>Computers</subfield><subfield code='2'>fast</subfield><subfield code='0'>(OCoLC)fst00872776</subfield></datafield><datafield ind1=' ' ind2='7' tag='650'><subfield code='a'>Parallel processing (Electronic computers)</subfield><subfield code='2'>fast</subfield><subfield code='0'>(OCoLC)fst01052928</subfield></datafield><datafield ind1=' ' ind2='7' tag='650'><subfield code='a'>Supercomputers</subfield><subfield code='2'>fast</subfield><subfield code='0'>(OCoLC)fst01138790</subfield></datafield><datafield ind1='1' ind2=' ' tag='899'><subfield code='a'>CULectures</subfield></datafield><datafield ind1=' ' ind2=' ' tag='905'><subfield code='a'>20000411120000.0</subfield></datafield><datafield ind1='2' ind2=' ' tag='948'><subfield code='a'>20141221</subfield><subfield code='b'>m</subfield><subfield code='d'>batch</subfield><subfield code='e'>lts</subfield><subfield code='x'>addfast</subfield></datafield></record>